@book{reza2024,
  author    = {Reza Drikvandi},
  title     = {High Dimensional Statistics IV (MATH4287) Lecture Notes},
  year      = {2024},
  address   = {Durham},
  publisher = {Durham University},
  note      = {Available for the year 2024-25}
}

@book{hailiang2023,
  author    = {Hailiang Du},
  title     = {Machine Learning and Neural Networks},
  year      = {2023},
  address   = {Durham},
  publisher = {Durham University},
  note      = {Lecture notes for the module MATH3431}
}

@misc{mendeleydata,
  author    = {Chi Seng Pun},
  title     = {Low and High-Dimensional Stock Price Data},
  year      = {2017},
  publisher = {Mendeley Data},
  version   = {1},
  doi       = {10.17632/ndxfrshm74.1},
  url       = {https://data.mendeley.com/datasets/ndxfrshm74/1},
  note      = {Dataset contains financial research data including low-dimensional and high-dimensional daily stock prices of S\&P 500 and Russell 2000 indices from Jan 1, 2013 to Dec 31, 2014. Licensed under CC BY 4.0.}
}

@article{lassotracking,
  title     = {Lasso-based index tracking and statistical arbitrage long-short strategies},
  author    = {Sant’Anna, Lucas Rocha and Caldeira, João Francisco and Filomena, Thiago Pereira},
  journal   = {The North American Journal of Economics and Finance},
  volume    = {51},
  pages     = {101055},
  year      = {2020},
  doi       = {10.1016/j.najef.2019.101055},
  url       = {https://www.sciencedirect.com/science/article/pii/S106294081830336X\#bi005}
}

@article{fanli2001,
  title={Variable selection via nonconcave penalized likelihood and its oracle properties},
  author={Fan, Jianqing and Li, Runze},
  journal={Journal of the American Statistical Association},
  volume={96},
  number={456},
  pages={1348--1360},
  year={2001},
  publisher={Taylor \& Francis}
}

@article{tibshirani1996,
  title     = {Regression shrinkage and selection via the lasso},
  author    = {Tibshirani, Robert},
  journal   = {Journal of the Royal Statistical Society: Series B (Methodological)},
  volume    = {58},
  number    = {1},
  pages     = {267--288},
  year      = {1996},
  publisher = {Wiley Online Library}
}

@article{hoerlken1970,
  title={Ridge regression: Biased estimation for nonorthogonal problems},
  author={Hoerl, Arthur E and Kennard, Robert W},
  journal={Technometrics},
  volume={12},
  number={1},
  pages={55--67},
  year={1970},
  publisher={Taylor \& Francis}
}

@article{giannone2016,
  author    = {Domenico Giannone},
  title     = {Comment},
  journal   = {Journal of Business \& Economic Statistics},
  volume    = {34},
  number    = {3},
  pages     = {342--344},
  year      = {2016},
  publisher = {Taylor \& Francis, Ltd. on behalf of American Statistical Association},
  doi       = {10.1080/07350015.2016.1190280},
  url       = {https://www.jstor.org/stable/44164757}
}

@article{conditionnumber,
  title={Multicollinearity and misleading statistical results},
  author={Kim, Jong Hae},
  journal={Korean Journal of anesthesiology},
  volume={72},
  number={6},
  pages={558--569},
  year={2019},
  publisher={Korean Society of Anesthesiologists}
}

@article{Shu2020,
  title={High-dimensional index tracking based on the adaptive elastic net},
  author={Shu, Lianjie and Shi, Fangquan and Tian, Guoliang},
  journal={Quantitative Finance},
  volume={20},
  number={9},
  pages={1513--1530},
  year={2020},
  publisher={Taylor \& Francis}
}

@misc{constellation2013,
  author       = {{Constellation Brands, Inc.}},
  title        = {Constellation Brands Completes Acquisition of {Grupo Modelo's U.S. Beer Business}},
  year         = {2013},
  month        = {June},
  day          = {7},
  note         = {Accessed: 2024-12-01},
  url = {https://www.cbrands.com/blogs/news/constellation-brands-completes-acquisition-of-grupo-modelos-u-s-beer-business#:~:text=VICTOR%2C%20N.Y.%2C%20June%207%2C,InBev%20for%20approximately%20%244.75%20billion.},
  publisher = {Press Release},
  abstract     = {Constellation Brands completed the acquisition of Grupo Modelo's U.S. beer business for approximately \$4.75 billion, gaining full ownership of Crown Imports LLC and exclusive U.S. rights to import, market, and sell Corona and Modelo brands. The acquisition solidifies Constellation's position as the leading multi-category supplier of beer, wine, and spirits in the U.S.},
}

@book{fletcher2000practical,
  title={Practical optimization methods},
  author={Fletcher, Roger},
  year={2000},
  publisher={John Wiley}
}